@inproceedings{filieri2015software,
	title={Software engineering meets control theory},
	author={Filieri, Antonio and Maggio, Martina and Angelopoulos, Konstantinos and d'Ippolito, Nicolas and Gerostathopoulos, Ilias and Hempel, Andreas Berndt and Hoffmann, Henry and Jamshidi, Pooyan and Kalyvianaki, Evangelia and Klein, Cristian and others},
	booktitle={Proceedings of the 10th International Symposium on Software Engineering for Adaptive and Self-Managing Systems},
	pages={71--82},
	year={2015},
	organization={IEEE Press}
}
@article{calinescu2017engineering,
	title={Engineering trustworthy self-adaptive software with dynamic assurance cases},
	author={Calinescu, Radu and Weyns, Danny and Gerasimou, Simos and Iftikhar, Muhammad Usman and Habli, Ibrahim and Kelly, Tim},
	journal={IEEE Transactions on Software Engineering},
	volume={44},
	number={11},
	pages={1039--1069},
	year={2017},
	publisher={IEEE}
}
@article{kephart2003vision,
	title={The vision of autonomic computing},
	author={Kephart, Jeffrey O and Chess, David M},
	journal={Computer},
	number={1},
	pages={41--50},
	year={2003},
	publisher={IEEE}
}
@article{qin2003survey,
	title={A survey of industrial model predictive control technology},
	author={Qin, S Joe and Badgwell, Thomas A},
	journal={Control engineering practice},
	volume={11},
	number={7},
	pages={733--764},
	year={2003},
	publisher={Elsevier}
}
@inproceedings{moreno2015proactive,
	title={Proactive self-adaptation under uncertainty: a probabilistic model checking approach},
	author={Moreno, Gabriel A and C{\'a}mara, Javier and Garlan, David and Schmerl, Bradley},
	booktitle={Proceedings of the 2015 10th Joint Meeting on Foundations of Software Engineering},
	pages={1--12},
	year={2015},
	organization={ACM}
}
@inproceedings{angelopoulos2016model,
	title={Model predictive control for software systems with CobRA},
	author={Angelopoulos, Konstantinos and Papadopoulos, Alessandro V and Silva Souza, V{\'\i}tor E and Mylopoulos, John},
	booktitle={Proceedings of the 11th international symposium on software engineering for adaptive and self-managing systems},
	pages={35--46},
	year={2016},
	organization={ACM}
}
@inproceedings{moreno2017comparing,
	title={Comparing model-based predictive approaches to self-adaptation: CobRA and PLA},
	author={Moreno, Gabriel A and Papadopoulos, Alessandro Vittorio and Angelopoulos, Konstantinos and C{\'a}mara, Javier and Schmerl, Bradley},
	booktitle={2017 IEEE/ACM 12th International Symposium on Software Engineering for Adaptive and Self-Managing Systems (SEAMS)},
	pages={42--53},
	year={2017},
	organization={IEEE}
}
@article{ow22013rubis,
	title={Rubis: Rice university bidding system},
	author={OW2 Consortium and others},
	journal={URL http://rubis. ow2. org},
	year={2013}
}
@article{islam2015online,
	title={Online energy budgeting for cost minimization in virtualized data center},
	author={Islam, Mohammad A and Ren, Shaolei and Mahmud, A Hasan and Quan, Gang},
	journal={IEEE Transactions on Services Computing},
	volume={9},
	number={3},
	pages={421--432},
	year={2015},
	publisher={IEEE}
}
@inproceedings{klein2014brownout,
	title={Brownout: Building more robust cloud applications},
	author={Klein, Cristian and Maggio, Martina and {\AA}rz{\'e}n, Karl-Erik and Hern{\'a}ndez-Rodriguez, Francisco},
	booktitle={Proceedings of the 36th International Conference on Software Engineering},
	pages={700--711},
	year={2014},
	organization={ACM}
}
@article{dinda2006design,
	title={Design, implementation, and performance of an extensible toolkit for resource prediction in distributed systems},
	author={Dinda, Peter A},
	journal={IEEE Transactions on Parallel and Distributed Systems},
	volume={17},
	number={2},
	pages={160--173},
	year={2006},
	publisher={IEEE}
}
@article{keefer1994certainty,
	title={Certainty equivalents for three-point discrete-distribution approximations},
	author={Keefer, Donald L},
	journal={Management science},
	volume={40},
	number={6},
	pages={760--773},
	year={1994},
	publisher={INFORMS}
}
@book{puterman2014markov,
	title={Markov Decision Processes.: Discrete Stochastic Dynamic Programming},
	author={Puterman, Martin L},
	year={2014},
	publisher={John Wiley \& Sons}
}
@inproceedings{kwiatkowska2011prism,
	title={PRISM 4.0: Verification of probabilistic real-time systems},
	author={Kwiatkowska, Marta and Norman, Gethin and Parker, David},
	booktitle={International conference on computer aided verification},
	pages={585--591},
	year={2011},
	organization={Springer}
}
@article{zhang2008steady,
	title={Steady state approximations of limited processor sharing queues in heavy traffic},
	author={Zhang, Jiheng and Zwart, Bert},
	journal={Queueing Systems},
	volume={60},
	number={3-4},
	pages={227--246},
	year={2008},
	publisher={Springer}
}
@inproceedings{maggio2017automated,
	title={Automated control of multiple software goals using multiple actuators},
	author={Maggio, Martina and Papadopoulos, Alessandro Vittorio and Filieri, Antonio and Hoffmann, Henry},
	booktitle={Proceedings of the 2017 11th joint meeting on foundations of software engineering},
	pages={373--384},
	year={2017},
	organization={ACM}
}
@article{arlitt2000workload,
	title={A workload characterization study of the 1998 world cup web site},
	author={Arlitt, Martin and Jin, Tai},
	journal={IEEE network},
	volume={14},
	number={3},
	pages={30--37},
	year={2000},
	publisher={IEEE}
}
@article{arlitt1996web,
	title={Web server workload characterization: The search for invariants},
	author={Arlitt, Martin F and Williamson, Carey L},
	journal={ACM SIGMETRICS Performance Evaluation Review},
	volume={24},
	number={1},
	pages={126--137},
	year={1996},
	publisher={ACM}
}
@book{Sontag2013, 
	title={Mathematical control theory: deterministic finite dimensional systems},
	author={Sontag, E. D.},
	volume={6},
	year={2013},
	publisher={Springer Science \& Business Media}
}
@inproceedings{Moreno2017AdaptationTI,
	title={Adaptation Timing in Self-Adaptive Systems},
	author={Gabriel A. Moreno},
	year={2017}
}
